
@Article{	  bakas-ioannou:2011,
  title		= {Structural stability theory of two-dimensional fluid flow
		  under stochastic forcing},
  volume	= {682},
  issn		= {1469-7645},
  doi		= {10.1017/jfm.2011.228},
  journal	= {Journal of Fluid Mechanics},
  author	= {Bakas, Nikolaos A. and Ioannou, Petros J.},
  month		= sep,
  year		= {2011},
  pages		= {332--361}
}

@Article{	  bakas-ioannou:2013,
  title		= {Emergence of {Large} {Scale} {Structure} in {Barotropic}
		  $\beta$-{Plane} {Turbulence}},
  volume	= {110},
  doi		= {10.1103/PhysRevLett.110.224501},
  number	= {22},
  journal	= {Physical Review Letters},
  author	= {Bakas, Nikolaos A. and Ioannou, Petros J.},
  month		= may,
  year		= {2013},
  pages		= {224501}
}

@Article{	  bartels-stewart:1972,
  title		= {Solution of the {Matrix} {Equation} {AX} + {XB} = {C}
		  [{F}4]},
  volume	= {15},
  issn		= {0001-0782},
  doi		= {10.1145/361573.361582},
  number	= {9},
  journal	= {Commun. ACM},
  author	= {Bartels, R. H. and Stewart, G. W.},
  month		= sep,
  year		= {1972},
  keywords	= {linear algebra, Linear equations, matrices},
  pages		= {820--826}
}

@Article{	  bouchet-grafke-tangarife-etal:2016,
  title		= {Large {Deviations} in {Fast}-{Slow} {Systems}},
  issn		= {0022-4715, 1572-9613},
  doi		= {10.1007/s10955-016-1449-4},
  journal	= {Journal of Statistical Physics},
  author	= {Bouchet, Freddy and Grafke, Tobias and Tangarife, Tom\`as
		  and Vanden-Eijnden, Eric},
  month		= jan,
  year		= {2016},
  keywords	= {Hamilton-Jacobi equation, Limit theorems, Physical
		  Chemistry, Quantum Physics, Quasipotential, Rare events,
		  Statistical Physics, Dynamical Systems and Complexity,
		  Theoretical, Mathematical and Computational Physics},
  pages		= {1--20}
}

@Article{	  bouchet-nardini-tangarife:2013,
  title		= {Kinetic {Theory} of {Jet} {Dynamics} in the {Stochastic}
		  {Barotropic} and 2D {Navier}-{Stokes} {Equations}},
  volume	= {153},
  issn		= {0022-4715, 1572-9613},
  doi		= {10.1007/s10955-013-0828-3},
  number	= {4},
  journal	= {Journal of Statistical Physics},
  author	= {Bouchet, Freddy and Nardini, Cesare and Tangarife,
		  Tom\'as},
  month		= sep,
  year		= {2013},
  keywords	= {Atmosphere dynamics, Geostrophic turbulence,
		  Non-equilibrium steady states, Physical Chemistry, Quantum
		  Physics, Statistical Physics, Dynamical Systems and
		  Complexity, Stochastic 2D Navier Stokes equations,
		  Stochastic averaging, Stochastic barotropic equations,
		  stochastic partial differential equations, Theoretical,
		  Mathematical and Computational Physics, Turbulence},
  pages		= {572--625}
}

@Article{	  bouchet-rolland-simonnet:2019,
  title		= {Rare {Event} {Algorithm} {Links} {Transitions} in
		  {Turbulent} {Flows} with {Activated} {Nucleations}},
  volume	= {122},
  doi		= {10.1103/PhysRevLett.122.074502},
  number	= {7},
  journal	= {Physical Review Letters},
  author	= {Bouchet, Freddy and Rolland, Joran and Simonnet, Eric},
  month		= feb,
  year		= {2019},
  note		= {Publisher: American Physical Society},
  pages		= {074502}
}

@Article{	  e-engquist-huang:2003,
  title		= {Heterogeneous multiscale method: {A} general methodology
		  for multiscale modeling},
  volume	= {67},
  shorttitle	= {Heterogeneous multiscale method},
  doi		= {10.1103/PhysRevB.67.092101},
  number	= {9},
  journal	= {Physical Review B},
  author	= {E, Weinan and Engquist, Bj\"orn and Huang, Zhongyi},
  month		= mar,
  year		= {2003},
  pages		= {092101}
}

@Article{	  e-engquist-li-etal:2007,
  title		= {Heterogeneous multiscale methods : {A} review},
  volume	= {2},
  shorttitle	= {Heterogeneous multiscale methods},
  number	= {3},
  journal	= {Communications in Computational Physics},
  author	= {E, Weinan and Engquist, Bj\"orn and Li, Xiantao and Ren,
		  Weiqing and Vanden-Eijnden, Eric},
  year		= {2007},
  pages		= {367--450}
}

@Article{	  e-ren-vanden-eijnden:2002,
  title		= {String method for the study of rare events},
  volume	= {66},
  doi		= {10.1103/PhysRevB.66.052301},
  number	= {5},
  journal	= {Physical Review B},
  author	= {E, Weinan and Ren, Weiqing and Vanden-Eijnden, Eric},
  month		= aug,
  year		= {2002},
  pages		= {052301}
}

@Article{	  farrell-ioannou:2003,
  title		= {Structural {Stability} of {Turbulent} {Jets}},
  volume	= {60},
  issn		= {0022-4928},
  doi		= {10.1175/1520-0469(2003)060<2101:SSOTJ>2.0.CO;2},
  number	= {17},
  journal	= {Journal of the Atmospheric Sciences},
  author	= {Farrell, Brian F. and Ioannou, Petros J.},
  month		= sep,
  year		= {2003},
  pages		= {2101--2118}
}

@Article{	  farrell-ioannou:2007,
  title		= {Structure and {Spacing} of {Jets} in {Barotropic}
		  {Turbulence}},
  volume	= {64},
  issn		= {0022-4928},
  doi		= {10.1175/JAS4016.1},
  number	= {10},
  journal	= {Journal of the Atmospheric Sciences},
  author	= {Farrell, Brian F. and Ioannou, Petros J.},
  month		= oct,
  year		= {2007},
  keywords	= {Barotropic flows, Dynamics, Jets, Planetary atmospheres,
		  Turbulence},
  pages		= {3652--3665}
}

@Article{	  lilly:1969,
  title		= {Numerical {Simulation} of {Two}-Dimensional {Turbulence}},
  volume	= {12},
  issn		= {0031-9171},
  doi		= {10.1063/1.1692444},
  number	= {12},
  journal	= {Physics of Fluids (1958-1988)},
  author	= {Lilly, Douglas K.},
  month		= dec,
  year		= {1969},
  pages		= {II--240--II--249}
}

@Article{	  marston-conover-schneider:2008,
  title		= {Statistics of an {Unstable} {Barotropic} {Jet} from a
		  {Cumulant} {Expansion}},
  volume	= {65},
  issn		= {0022-4928},
  doi		= {10.1175/2007JAS2510.1},
  number	= {6},
  journal	= {Journal of the Atmospheric Sciences},
  author	= {Marston, J. B. and Conover, E. and Schneider, Tapio},
  month		= jun,
  year		= {2008},
  keywords	= {Barotropic flows, Jets, Statistical techniques},
  pages		= {1955--1966}
}

@Article{	  parker-krommes:2013,
  title		= {Zonal flow as pattern formation},
  volume	= {20},
  issn		= {1070-664X, 1089-7674},
  doi		= {10.1063/1.4828717},
  number	= {10},
  journal	= {Physics of Plasmas (1994-present)},
  author	= {Parker, Jeffrey B. and Krommes, John A.},
  month		= oct,
  year		= {2013},
  keywords	= {Flow instabilities, plasma turbulence, Turbulent flows,
		  Vortex dynamics, Zonal flows},
  pages		= {100703}
}

@Article{	  parker-krommes:2014,
  title		= {Generation of zonal flows through symmetry breaking of
		  statistical homogeneity},
  volume	= {16},
  issn		= {1367-2630},
  doi		= {10.1088/1367-2630/16/3/035006},
  number	= {3},
  journal	= {New Journal of Physics},
  author	= {Parker, Jeffrey B. and Krommes, John A.},
  month		= mar,
  year		= {2014},
  pages		= {035006}
}

@Article{	  rhines:1975,
  title		= {Waves and turbulence on a beta-plane},
  volume	= {69},
  issn		= {1469-7645},
  doi		= {10.1017/S0022112075001504},
  number	= {03},
  journal	= {Journal of Fluid Mechanics},
  author	= {Rhines, Peter B.},
  month		= jun,
  year		= {1975},
  pages		= {417--443}
}

@Article{	  srinivasan-young:2011,
  title		= {Zonostrophic {Instability}},
  volume	= {69},
  issn		= {0022-4928},
  doi		= {10.1175/JAS-D-11-0200.1},
  number	= {5},
  journal	= {Journal of the Atmospheric Sciences},
  author	= {Srinivasan, Kaushik and Young, W. R.},
  month		= dec,
  year		= {2011},
  keywords	= {Barotropic flows, Instability, Jets, Nonlinear dynamics,
		  Shear structure/flows, Stochastic models},
  pages		= {1633--1656}
}
